<?xml version="1.0" encoding="UTF-8"?><record xmlns="http://www.loc.gov/MARC21/slim" xmlns:cinclude="http://apache.org/cocoon/include/1.0" xmlns:zs="http://www.loc.gov/zing/srw/">
  <leader>00624nz  a2200145n  4500</leader>
  <controlfield tag="001">nb2012011078</controlfield>
  <controlfield tag="003">DLC</controlfield>
  <controlfield tag="005">20120503074944.0</controlfield>
  <controlfield tag="008">120501n| acannaabn          |n ana      </controlfield>
  <datafield tag="010" ind1=" " ind2=" ">
    <subfield code="a">nb2012011078</subfield>
  </datafield>
  <datafield tag="035" ind1=" " ind2=" ">
    <subfield code="a">(Uk)008466813</subfield>
  </datafield>
  <datafield tag="040" ind1=" " ind2=" ">
    <subfield code="a">Uk</subfield>
    <subfield code="b">eng</subfield>
    <subfield code="c">Uk</subfield>
  </datafield>
  <datafield tag="110" ind1="2" ind2=" ">
    <subfield code="a">Elgol Primary School (Elgol, Scotland)</subfield>
  </datafield>
  <datafield tag="670" ind1=" " ind2=" ">
    <subfield code="a">Elgol Primary School, Isle of Skye, The Highland Council, 24 August 2010, c2010:</subfield>
    <subfield code="b">p.1 (serves the areas of Elgol, Glasnakille, Drinan and Strathaird on the Isle of Skye)</subfield>
  </datafield>
  <datafield tag="670" ind1=" " ind2=" ">
    <subfield code="a">Scottish Schools Online WWW site, 1 May 2012:</subfield>
    <subfield code="b">search for a school (Elgol Primary School, Elgol, Broadford, Isle of Skye IV49 9BJ)</subfield>
  </datafield>
</record>